@book{hankerson2004guide,
title={Guide to elliptic curve cryptography},
author={Hankerson, Darrel and Vanstone, Scott and Menezes, Alfred J},
year={2004},
publisher={Springer}
}

@book{shoup2009computational,
  title={A computational introduction to number theory and algebra},
  author={Shoup, Victor},
  year={2009},
  publisher={Cambridge University Press}
}
