@inproceedings{Bellare:1993:ROP:168588.168596,
 author = {Bellare, Mihir and Rogaway, Phillip},
 title = {Random Oracles Are Practical: A Paradigm for Designing Efficient
Protocols},
 booktitle = {Proceedings of the 1st ACM Conference on Computer and
Communications Security},
 series = {CCS '93},
 year = {1993},
 isbn = {0-89791-629-8},
 location = {Fairfax, Virginia, USA},
 pages = {62--73},
 numpages = {12},
 url = {http://doi.acm.org/10.1145/168588.168596},
 doi = {10.1145/168588.168596},
 acmid = {168596},
 publisher = {ACM},
 address = {New York, NY, USA},
}

@incollection{BF01,
year={2001},
isbn={978-3-540-42456-7},
booktitle={Advances in Cryptology — CRYPTO 2001},
volume={2139},
series={Lecture Notes in Computer Science},
editor={Kilian, Joe},
doi={10.1007/3-540-44647-8_13},
title={Identity-Based Encryption from the Weil Pairing},
url={http://dx.doi.org/10.1007/3-540-44647-8_13},
publisher={Springer Berlin Heidelberg},
author={Boneh, Dan and Franklin, Matt},
pages={213-229},
language={English}
}

@incollection{brier2010efficient,
year={2010},
isbn={978-3-642-14622-0},
booktitle={Advances in Cryptology – CRYPTO 2010},
volume={6223},
series={Lecture Notes in Computer Science},
editor={Rabin, Tal},
doi={10.1007/978-3-642-14623-7_13},
title={Efficient Indifferentiable Hashing into Ordinary Elliptic Curves},
url={http://dx.doi.org/10.1007/978-3-642-14623-7_13},
publisher={Springer Berlin Heidelberg},
author={Brier, Eric and Coron, Jean-Sébastien and Icart, Thomas and Madore,
David and Randriam, Hugues and Tibouchi, Mehdi},
pages={237-254}
}

@ARTICLE{DH76, 
author={Diffie, W. and Hellman, M.E.}, 
journal={Information Theory, IEEE Transactions on}, 
title={New directions in cryptography}, 
year={1976}, 
volume={22}, 
number={6}, 
pages={644-654}, 
keywords={Cryptography;Application software;Communication system
security;Computer aided instruction;Computer networks;Costs;Hardware;Information
theory;Postal services;Public key cryptography;Telecommunication computing}, 
doi={10.1109/TIT.1976.1055638}, 
ISSN={0018-9448},}

@article{Jablon:1996:SPA:242896.242897,
 author = {Jablon, David P.},
 title = {Strong Password-only Authenticated Key Exchange},
 journal = {SIGCOMM Comput. Commun. Rev.},
 issue_date = {Oct. 1996},
 volume = {26},
 number = {5},
 month = oct,
 year = {1996},
 issn = {0146-4833},
 pages = {5--26},
 numpages = {22},
 url = {http://doi.acm.org/10.1145/242896.242897},
 doi = {10.1145/242896.242897},
 acmid = {242897},
 publisher = {ACM},
 address = {New York, NY, USA},
}

@article{koblitz1987elliptic,
  title={Elliptic curve cryptosystems},
  author={Koblitz, Neal},
  journal={Mathematics of computation},
  volume={48},
  number={177},
  pages={203--209},
  year={1987}
}

@incollection{SW06,
year={2006},
isbn={978-3-540-36075-9},
booktitle={Algorithmic Number Theory},
volume={4076},
series={Lecture Notes in Computer Science},
editor={Hess, Florian and Pauli, Sebastian and Pohst, Michael},
doi={10.1007/11792086_36},
title={Construction of Rational Points on Elliptic Curves over Finite Fields},
url={http://dx.doi.org/10.1007/11792086_36},
publisher={Springer Berlin Heidelberg},
author={Shallue, Andrew and Woestijne, ChristiaanE.},
pages={510-524}
}

@article{Ulas07,
  title={Rational points on certain hyperelliptic curves over finite fields},
  author={Ulas, Maciej},
  journal={arXiv preprint arXiv:0706.1448},
  year={2007}
}

@article{fips2002180,
  title={180-2 FEDERAL INFORMATION PROCESSING STANDARDS PUBLICATION},
  author={FIPS, PUB},
  journal={SECURE HASH STANDARD, National Institute of Standards and
Technology},
  year={2002}
}
