@misc{jscoron,
author = {Jean-S\'ebastien Coron},
howpublished = {\url{http://jscoron.fr}} }

@misc{jscoroncrypto,
author = {Jean-S\'ebastien Coron},
title = {Algorithms for Numbers and Public-Key Cryptography},
howpublished = {\url{http://jscoron.fr/cours/mscrypto/crypto.html}} }

@misc{jscoronhw,
author = {Jean-S\'ebastien Coron},
howpublished = {\url{http://jscoron.fr/cours/nombre/dm.pdf}} }

@book{ntb2,
author = {Victor Shoup},
title = {A Computational Introduction to Number Theory and Algebra (Version 2)},
note = {http://shoup.net/ntb/ntb-v2.pdf}
}
