@Misc{sage5.12,
author = {Stein, William and Schilly, Haradl and Nguyen, Minh Van},
title =  {Sage (Version 5.12)},
howpublished = {\url{http://www.sagemath.org}},
year = {2013}
}
